%YAML 1.1
%TAG !u! tag:unity3d.com,2011:
--- !u!29 &1
OcclusionCullingSettings:
  m_ObjectHideFlags: 0
  serializedVersion: 2
  m_OcclusionBakeSettings:
    smallestOccluder: 5
    smallestHole: 0.25
    backfaceThreshold: 100
  m_SceneGUID: 00000000000000000000000000000000
  m_OcclusionCullingData: {fileID: 0}
--- !u!104 &2
RenderSettings:
  m_ObjectHideFlags: 0
  serializedVersion: 8
  m_Fog: 0
  m_FogColor: {r: 0.5, g: 0.5, b: 0.5, a: 1}
  m_FogMode: 3
  m_FogDensity: 0.01
  m_LinearFogStart: 0
  m_LinearFogEnd: 300
  m_AmbientSkyColor: {r: 0.212, g: 0.227, b: 0.259, a: 1}
  m_AmbientEquatorColor: {r: 0.114, g: 0.125, b: 0.133, a: 1}
  m_AmbientGroundColor: {r: 0.047, g: 0.043, b: 0.035, a: 1}
  m_AmbientIntensity: 0.22
  m_AmbientMode: 0
  m_SubtractiveShadowColor: {r: 0.42, g: 0.478, b: 0.627, a: 1}
  m_SkyboxMaterial: {fileID: 10304, guid: 0000000000000000f000000000000000, type: 0}
  m_HaloStrength: 0.5
  m_FlareStrength: 1
  m_FlareFadeSpeed: 3
  m_HaloTexture: {fileID: 0}
  m_SpotCookie: {fileID: 10001, guid: 0000000000000000e000000000000000, type: 0}
  m_DefaultReflectionMode: 0
  m_DefaultReflectionResolution: 128
  m_ReflectionBounces: 1
  m_ReflectionIntensity: 1
  m_CustomReflection: {fileID: 0}
  m_Sun: {fileID: 0}
  m_IndirectSpecularColor: {r: 0.45073736, g: 0.49887192, b: 0.56508225, a: 1}
--- !u!157 &3
LightmapSettings:
  m_ObjectHideFlags: 0
  serializedVersion: 11
  m_GIWorkflowMode: 1
  m_GISettings:
    serializedVersion: 2
    m_BounceScale: 1
    m_IndirectOutputScale: 1
    m_AlbedoBoost: 1
    m_TemporalCoherenceThreshold: 1
    m_EnvironmentLightingMode: 0
    m_EnableBakedLightmaps: 1
    m_EnableRealtimeLightmaps: 1
  m_LightmapEditorSettings:
    serializedVersion: 9
    m_Resolution: 2
    m_BakeResolution: 40
    m_TextureWidth: 1024
    m_TextureHeight: 1024
    m_AO: 0
    m_AOMaxDistance: 1
    m_CompAOExponent: 1
    m_CompAOExponentDirect: 0
    m_Padding: 2
    m_LightmapParameters: {fileID: 0}
    m_LightmapsBakeMode: 1
    m_TextureCompression: 1
    m_FinalGather: 0
    m_FinalGatherFiltering: 1
    m_FinalGatherRayCount: 256
    m_ReflectionCompression: 2
    m_MixedBakeMode: 2
    m_BakeBackend: 0
    m_PVRSampling: 1
    m_PVRDirectSampleCount: 32
    m_PVRSampleCount: 500
    m_PVRBounces: 2
    m_PVRFilterTypeDirect: 0
    m_PVRFilterTypeIndirect: 0
    m_PVRFilterTypeAO: 0
    m_PVRFilteringMode: 1
    m_PVRCulling: 1
    m_PVRFilteringGaussRadiusDirect: 1
    m_PVRFilteringGaussRadiusIndirect: 5
    m_PVRFilteringGaussRadiusAO: 2
    m_PVRFilteringAtrousPositionSigmaDirect: 0.5
    m_PVRFilteringAtrousPositionSigmaIndirect: 2
    m_PVRFilteringAtrousPositionSigmaAO: 1
    m_ShowResolutionOverlay: 1
  m_LightingDataAsset: {fileID: 112000002, guid: 538a3845edab57d45910d4ce5c2a7c94,
    type: 2}
  m_UseShadowmask: 1
--- !u!196 &4
NavMeshSettings:
  serializedVersion: 2
  m_ObjectHideFlags: 0
  m_BuildSettings:
    serializedVersion: 2
    agentTypeID: 0
    agentRadius: 0.5
    agentHeight: 2
    agentSlope: 45
    agentClimb: 0.4
    ledgeDropHeight: 0
    maxJumpAcrossDistance: 0
    minRegionArea: 2
    manualCellSize: 0
    cellSize: 0.16666667
    manualTileSize: 0
    tileSize: 256
    accuratePlacement: 0
    debug:
      m_Flags: 0
  m_NavMeshData: {fileID: 0}
--- !u!1001 &19610509
Prefab:
  m_ObjectHideFlags: 0
  serializedVersion: 2
  m_Modification:
    m_TransformParent: {fileID: 0}
    m_Modifications:
    - target: {fileID: 4957641514806242, guid: 6e9ad5ca500f54e408205b07fd157d15, type: 2}
      propertyPath: m_LocalPosition.x
      value: -0.55
      objectReference: {fileID: 0}
    - target: {fileID: 4957641514806242, guid: 6e9ad5ca500f54e408205b07fd157d15, type: 2}
      propertyPath: m_LocalPosition.y
      value: 7.16
      objectReference: {fileID: 0}
    - target: {fileID: 4957641514806242, guid: 6e9ad5ca500f54e408205b07fd157d15, type: 2}
      propertyPath: m_LocalPosition.z
      value: 0
      objectReference: {fileID: 0}
    - target: {fileID: 4957641514806242, guid: 6e9ad5ca500f54e408205b07fd157d15, type: 2}
      propertyPath: m_LocalRotation.x
      value: 0
      objectReference: {fileID: 0}
    - target: {fileID: 4957641514806242, guid: 6e9ad5ca500f54e408205b07fd157d15, type: 2}
      propertyPath: m_LocalRotation.y
      value: 0
      objectReference: {fileID: 0}
    - target: {fileID: 4957641514806242, guid: 6e9ad5ca500f54e408205b07fd157d15, type: 2}
      propertyPath: m_LocalRotation.z
      value: 0.7071068
      objectReference: {fileID: 0}
    - target: {fileID: 4957641514806242, guid: 6e9ad5ca500f54e408205b07fd157d15, type: 2}
      propertyPath: m_LocalRotation.w
      value: 0.7071068
      objectReference: {fileID: 0}
    - target: {fileID: 4957641514806242, guid: 6e9ad5ca500f54e408205b07fd157d15, type: 2}
      propertyPath: m_RootOrder
      value: 13
      objectReference: {fileID: 0}
    - target: {fileID: 1078994443662848, guid: 6e9ad5ca500f54e408205b07fd157d15, type: 2}
      propertyPath: m_Name
      value: Door (1)
      objectReference: {fileID: 0}
    - target: {fileID: 4957641514806242, guid: 6e9ad5ca500f54e408205b07fd157d15, type: 2}
      propertyPath: m_LocalScale.x
      value: 22.9
      objectReference: {fileID: 0}
    - target: {fileID: 4957641514806242, guid: 6e9ad5ca500f54e408205b07fd157d15, type: 2}
      propertyPath: m_LocalScale.z
      value: 10.51
      objectReference: {fileID: 0}
    - target: {fileID: 4957641514806242, guid: 6e9ad5ca500f54e408205b07fd157d15, type: 2}
      propertyPath: m_LocalScale.y
      value: 54.11
      objectReference: {fileID: 0}
    - target: {fileID: 114588561371183036, guid: 6e9ad5ca500f54e408205b07fd157d15,
        type: 2}
      propertyPath: KeysRequired
      value: 3
      objectReference: {fileID: 0}
    - target: {fileID: 114588561371183036, guid: 6e9ad5ca500f54e408205b07fd157d15,
        type: 2}
      propertyPath: DoorSpeed
      value: 1
      objectReference: {fileID: 0}
    m_RemovedComponents: []
  m_ParentPrefab: {fileID: 100100000, guid: 6e9ad5ca500f54e408205b07fd157d15, type: 2}
  m_IsPrefabParent: 0
--- !u!1 &49566928
GameObject:
  m_ObjectHideFlags: 0
  m_PrefabParentObject: {fileID: 0}
  m_PrefabInternal: {fileID: 0}
  serializedVersion: 5
  m_Component:
  - component: {fileID: 49566929}
  - component: {fileID: 49566930}
  m_Layer: 0
  m_Name: Point light
  m_TagString: Untagged
  m_Icon: {fileID: 0}
  m_NavMeshLayer: 0
  m_StaticEditorFlags: 0
  m_IsActive: 1
--- !u!4 &49566929
Transform:
  m_ObjectHideFlags: 0
  m_PrefabParentObject: {fileID: 0}
  m_PrefabInternal: {fileID: 0}
  m_GameObject: {fileID: 49566928}
  m_LocalRotation: {x: 0, y: 0, z: 0, w: 1}
  m_LocalPosition: {x: 0, y: 3.7, z: 0}
  m_LocalScale: {x: 1, y: 1, z: 1}
  m_Children: []
  m_Father: {fileID: 879852010}
  m_RootOrder: 0
  m_LocalEulerAnglesHint: {x: 0, y: 0, z: 0}
--- !u!108 &49566930
Light:
  m_ObjectHideFlags: 0
  m_PrefabParentObject: {fileID: 0}
  m_PrefabInternal: {fileID: 0}
  m_GameObject: {fileID: 49566928}
  m_Enabled: 1
  serializedVersion: 8
  m_Type: 2
  m_Color: {r: 1, g: 1, b: 1, a: 1}
  m_Intensity: 4.16
  m_Range: 15.48
  m_SpotAngle: 30
  m_CookieSize: 10
  m_Shadows:
    m_Type: 0
    m_Resolution: -1
    m_CustomResolution: -1
    m_Strength: 1
    m_Bias: 0.05
    m_NormalBias: 0.4
    m_NearPlane: 0.2
  m_Cookie: {fileID: 0}
  m_DrawHalo: 0
  m_Flare: {fileID: 0}
  m_RenderMode: 0
  m_CullingMask:
    serializedVersion: 2
    m_Bits: 4294967295
  m_Lightmapping: 4
  m_AreaSize: {x: 1, y: 1}
  m_BounceIntensity: 1
  m_ColorTemperature: 6570
  m_UseColorTemperature: 0
  m_ShadowRadius: 0
  m_ShadowAngle: 0
--- !u!1 &71380407 stripped
GameObject:
  m_PrefabParentObject: {fileID: 1183592055299950, guid: b65b0782fb36b64489643ea3f7c0a9cb,
    type: 2}
  m_PrefabInternal: {fileID: 1470266709}
--- !u!114 &71380408
MonoBehaviour:
  m_ObjectHideFlags: 0
  m_PrefabParentObject: {fileID: 0}
  m_PrefabInternal: {fileID: 0}
  m_GameObject: {fileID: 71380407}
  m_Enabled: 1
  m_EditorHideFlags: 0
  m_Script: {fileID: 11500000, guid: f7673cb61407e3747822d8b00615fd47, type: 3}
  m_Name: 
  m_EditorClassIdentifier: 
  Key: Door2
  KeysRequired: 4
  DoorSpeed: 1
  scoreModifier: 100
--- !u!1001 &124976739
Prefab:
  m_ObjectHideFlags: 0
  serializedVersion: 2
  m_Modification:
    m_TransformParent: {fileID: 0}
    m_Modifications:
    - target: {fileID: 4770946752793886, guid: 3f1b3ceea05525f40b8c01251b44a044, type: 2}
      propertyPath: m_LocalPosition.x
      value: 53.62516
      objectReference: {fileID: 0}
    - target: {fileID: 4770946752793886, guid: 3f1b3ceea05525f40b8c01251b44a044, type: 2}
      propertyPath: m_LocalPosition.y
      value: 11.249687
      objectReference: {fileID: 0}
    - target: {fileID: 4770946752793886, guid: 3f1b3ceea05525f40b8c01251b44a044, type: 2}
      propertyPath: m_LocalPosition.z
      value: 0
      objectReference: {fileID: 0}
    - target: {fileID: 4770946752793886, guid: 3f1b3ceea05525f40b8c01251b44a044, type: 2}
      propertyPath: m_LocalRotation.x
      value: -0.7071068
      objectReference: {fileID: 0}
    - target: {fileID: 4770946752793886, guid: 3f1b3ceea05525f40b8c01251b44a044, type: 2}
      propertyPath: m_LocalRotation.y
      value: 0
      objectReference: {fileID: 0}
    - target: {fileID: 4770946752793886, guid: 3f1b3ceea05525f40b8c01251b44a044, type: 2}
      propertyPath: m_LocalRotation.z
      value: 0
      objectReference: {fileID: 0}
    - target: {fileID: 4770946752793886, guid: 3f1b3ceea05525f40b8c01251b44a044, type: 2}
      propertyPath: m_LocalRotation.w
      value: 0.7071068
      objectReference: {fileID: 0}
    - target: {fileID: 4770946752793886, guid: 3f1b3ceea05525f40b8c01251b44a044, type: 2}
      propertyPath: m_RootOrder
      value: 12
      objectReference: {fileID: 0}
    - target: {fileID: 1550607872710170, guid: 3f1b3ceea05525f40b8c01251b44a044, type: 2}
      propertyPath: m_Name
      value: PowerUpThrust (1)
      objectReference: {fileID: 0}
    m_RemovedComponents: []
  m_ParentPrefab: {fileID: 100100000, guid: 3f1b3ceea05525f40b8c01251b44a044, type: 2}
  m_IsPrefabParent: 0
--- !u!1001 &163898526
Prefab:
  m_ObjectHideFlags: 0
  serializedVersion: 2
  m_Modification:
    m_TransformParent: {fileID: 0}
    m_Modifications:
    - target: {fileID: 4770946752793886, guid: 3f1b3ceea05525f40b8c01251b44a044, type: 2}
      propertyPath: m_LocalPosition.x
      value: 34.088585
      objectReference: {fileID: 0}
    - target: {fileID: 4770946752793886, guid: 3f1b3ceea05525f40b8c01251b44a044, type: 2}
      propertyPath: m_LocalPosition.y
      value: 6.367876
      objectReference: {fileID: 0}
    - target: {fileID: 4770946752793886, guid: 3f1b3ceea05525f40b8c01251b44a044, type: 2}
      propertyPath: m_LocalPosition.z
      value: 0
      objectReference: {fileID: 0}
    - target: {fileID: 4770946752793886, guid: 3f1b3ceea05525f40b8c01251b44a044, type: 2}
      propertyPath: m_LocalRotation.x
      value: -0.7071068
      objectReference: {fileID: 0}
    - target: {fileID: 4770946752793886, guid: 3f1b3ceea05525f40b8c01251b44a044, type: 2}
      propertyPath: m_LocalRotation.y
      value: 0
      objectReference: {fileID: 0}
    - target: {fileID: 4770946752793886, guid: 3f1b3ceea05525f40b8c01251b44a044, type: 2}
      propertyPath: m_LocalRotation.z
      value: 0
      objectReference: {fileID: 0}
    - target: {fileID: 4770946752793886, guid: 3f1b3ceea05525f40b8c01251b44a044, type: 2}
      propertyPath: m_LocalRotation.w
      value: 0.7071068
      objectReference: {fileID: 0}
    - target: {fileID: 4770946752793886, guid: 3f1b3ceea05525f40b8c01251b44a044, type: 2}
      propertyPath: m_RootOrder
      value: 11
      objectReference: {fileID: 0}
    - target: {fileID: 1550607872710170, guid: 3f1b3ceea05525f40b8c01251b44a044, type: 2}
      propertyPath: m_Name
      value: PowerUpThrust (4)
      objectReference: {fileID: 0}
    m_RemovedComponents: []
  m_ParentPrefab: {fileID: 100100000, guid: 3f1b3ceea05525f40b8c01251b44a044, type: 2}
  m_IsPrefabParent: 0
--- !u!1001 &169501242
Prefab:
  m_ObjectHideFlags: 0
  serializedVersion: 2
  m_Modification:
    m_TransformParent: {fileID: 0}
    m_Modifications:
    - target: {fileID: 4775183506361870, guid: a72979d3cbbcb63439262e681cf73614, type: 2}
      propertyPath: m_LocalPosition.x
      value: -6.429273
      objectReference: {fileID: 0}
    - target: {fileID: 4775183506361870, guid: a72979d3cbbcb63439262e681cf73614, type: 2}
      propertyPath: m_LocalPosition.y
      value: 18.842194
      objectReference: {fileID: 0}
    - target: {fileID: 4775183506361870, guid: a72979d3cbbcb63439262e681cf73614, type: 2}
      propertyPath: m_LocalPosition.z
      value: 7.00404
      objectReference: {fileID: 0}
    - target: {fileID: 4775183506361870, guid: a72979d3cbbcb63439262e681cf73614, type: 2}
      propertyPath: m_LocalRotation.x
      value: 0
      objectReference: {fileID: 0}
    - target: {fileID: 4775183506361870, guid: a72979d3cbbcb63439262e681cf73614, type: 2}
      propertyPath: m_LocalRotation.y
      value: 0
      objectReference: {fileID: 0}
    - target: {fileID: 4775183506361870, guid: a72979d3cbbcb63439262e681cf73614, type: 2}
      propertyPath: m_LocalRotation.z
      value: 0
      objectReference: {fileID: 0}
    - target: {fileID: 4775183506361870, guid: a72979d3cbbcb63439262e681cf73614, type: 2}
      propertyPath: m_LocalRotation.w
      value: 1
      objectReference: {fileID: 0}
    - target: {fileID: 4775183506361870, guid: a72979d3cbbcb63439262e681cf73614, type: 2}
      propertyPath: m_RootOrder
      value: 24
      objectReference: {fileID: 0}
    - target: {fileID: 4829597872411854, guid: a72979d3cbbcb63439262e681cf73614, type: 2}
      propertyPath: m_LocalScale.x
      value: 15
      objectReference: {fileID: 0}
    - target: {fileID: 4721939687917654, guid: a72979d3cbbcb63439262e681cf73614, type: 2}
      propertyPath: m_LocalScale.x
      value: 15
      objectReference: {fileID: 0}
    - target: {fileID: 4829597872411854, guid: a72979d3cbbcb63439262e681cf73614, type: 2}
      propertyPath: m_LocalPosition.x
      value: 42
      objectReference: {fileID: 0}
    - target: {fileID: 4829597872411854, guid: a72979d3cbbcb63439262e681cf73614, type: 2}
      propertyPath: m_LocalRotation.x
      value: 0
      objectReference: {fileID: 0}
    - target: {fileID: 4829597872411854, guid: a72979d3cbbcb63439262e681cf73614, type: 2}
      propertyPath: m_LocalRotation.y
      value: 0
      objectReference: {fileID: 0}
    - target: {fileID: 4829597872411854, guid: a72979d3cbbcb63439262e681cf73614, type: 2}
      propertyPath: m_LocalRotation.z
      value: 0.38268343
      objectReference: {fileID: 0}
    - target: {fileID: 4829597872411854, guid: a72979d3cbbcb63439262e681cf73614, type: 2}
      propertyPath: m_LocalRotation.w
      value: 0.92387956
      objectReference: {fileID: 0}
    - target: {fileID: 4829597872411854, guid: a72979d3cbbcb63439262e681cf73614, type: 2}
      propertyPath: m_LocalEulerAnglesHint.x
      value: 0
      objectReference: {fileID: 0}
    - target: {fileID: 4829597872411854, guid: a72979d3cbbcb63439262e681cf73614, type: 2}
      propertyPath: m_LocalEulerAnglesHint.z
      value: 45
      objectReference: {fileID: 0}
    - target: {fileID: 4829597872411854, guid: a72979d3cbbcb63439262e681cf73614, type: 2}
      propertyPath: m_LocalPosition.y
      value: 1.7
      objectReference: {fileID: 0}
    m_RemovedComponents: []
  m_ParentPrefab: {fileID: 100100000, guid: a72979d3cbbcb63439262e681cf73614, type: 2}
  m_IsPrefabParent: 0
--- !u!1 &169501243 stripped
GameObject:
  m_PrefabParentObject: {fileID: 1493768307812890, guid: a72979d3cbbcb63439262e681cf73614,
    type: 2}
  m_PrefabInternal: {fileID: 169501242}
--- !u!114 &169501244
MonoBehaviour:
  m_ObjectHideFlags: 0
  m_PrefabParentObject: {fileID: 0}
  m_PrefabInternal: {fileID: 0}
  m_GameObject: {fileID: 169501243}
  m_Enabled: 1
  m_EditorHideFlags: 0
  m_Script: {fileID: 11500000, guid: 724d35dcbc47b3c4ba7f021afa2bb1cc, type: 3}
  m_Name: 
  m_EditorClassIdentifier: 
  Key: Door2
  KeysRequired: 4
  DoorSpeed: 1
  scoreModifier: 100
  moveVector: {x: 25, y: 0, z: 0}
  destroyOnOpen: 0
--- !u!1001 &225215696
Prefab:
  m_ObjectHideFlags: 0
  serializedVersion: 2
  m_Modification:
    m_TransformParent: {fileID: 0}
    m_Modifications:
    - target: {fileID: 4313273936287846, guid: 2a4c701acf78d874f8fbe18cd1eecf32, type: 2}
      propertyPath: m_LocalPosition.x
      value: 20.998095
      objectReference: {fileID: 0}
    - target: {fileID: 4313273936287846, guid: 2a4c701acf78d874f8fbe18cd1eecf32, type: 2}
      propertyPath: m_LocalPosition.y
      value: 0.5
      objectReference: {fileID: 0}
    - target: {fileID: 4313273936287846, guid: 2a4c701acf78d874f8fbe18cd1eecf32, type: 2}
      propertyPath: m_LocalPosition.z
      value: 0
      objectReference: {fileID: 0}
    - target: {fileID: 4313273936287846, guid: 2a4c701acf78d874f8fbe18cd1eecf32, type: 2}
      propertyPath: m_LocalRotation.x
      value: 0
      objectReference: {fileID: 0}
    - target: {fileID: 4313273936287846, guid: 2a4c701acf78d874f8fbe18cd1eecf32, type: 2}
      propertyPath: m_LocalRotation.y
      value: 0
      objectReference: {fileID: 0}
    - target: {fileID: 4313273936287846, guid: 2a4c701acf78d874f8fbe18cd1eecf32, type: 2}
      propertyPath: m_LocalRotation.z
      value: 0
      objectReference: {fileID: 0}
    - target: {fileID: 4313273936287846, guid: 2a4c701acf78d874f8fbe18cd1eecf32, type: 2}
      propertyPath: m_LocalRotation.w
      value: 1
      objectReference: {fileID: 0}
    - target: {fileID: 4313273936287846, guid: 2a4c701acf78d874f8fbe18cd1eecf32, type: 2}
      propertyPath: m_RootOrder
      value: 19
      objectReference: {fileID: 0}
    - target: {fileID: 114294045000735338, guid: 2a4c701acf78d874f8fbe18cd1eecf32,
        type: 2}
      propertyPath: DestinationLevel
      value: Level2
      objectReference: {fileID: 0}
    - target: {fileID: 114294045000735338, guid: 2a4c701acf78d874f8fbe18cd1eecf32,
        type: 2}
      propertyPath: scoreModifier
      value: 500
      objectReference: {fileID: 0}
    m_RemovedComponents: []
  m_ParentPrefab: {fileID: 100100000, guid: 2a4c701acf78d874f8fbe18cd1eecf32, type: 2}
  m_IsPrefabParent: 0
--- !u!1001 &237386934
Prefab:
  m_ObjectHideFlags: 0
  serializedVersion: 2
  m_Modification:
    m_TransformParent: {fileID: 0}
    m_Modifications:
    - target: {fileID: 4130740525654104, guid: 2795e193de5b3314d93261d1c35eab21, type: 2}
      propertyPath: m_LocalPosition.x
      value: 489
      objectReference: {fileID: 0}
    - target: {fileID: 4130740525654104, guid: 2795e193de5b3314d93261d1c35eab21, type: 2}
      propertyPath: m_LocalPosition.y
      value: 275
      objectReference: {fileID: 0}
    - target: {fileID: 4130740525654104, guid: 2795e193de5b3314d93261d1c35eab21, type: 2}
      propertyPath: m_LocalPosition.z
      value: 0
      objectReference: {fileID: 0}
    - target: {fileID: 4130740525654104, guid: 2795e193de5b3314d93261d1c35eab21, type: 2}
      propertyPath: m_LocalRotation.x
      value: 0
      objectReference: {fileID: 0}
    - target: {fileID: 4130740525654104, guid: 2795e193de5b3314d93261d1c35eab21, type: 2}
      propertyPath: m_LocalRotation.y
      value: 0
      objectReference: {fileID: 0}
    - target: {fileID: 4130740525654104, guid: 2795e193de5b3314d93261d1c35eab21, type: 2}
      propertyPath: m_LocalRotation.z
      value: 0
      objectReference: {fileID: 0}
    - target: {fileID: 4130740525654104, guid: 2795e193de5b3314d93261d1c35eab21, type: 2}
      propertyPath: m_LocalRotation.w
      value: 1
      objectReference: {fileID: 0}
    - target: {fileID: 4130740525654104, guid: 2795e193de5b3314d93261d1c35eab21, type: 2}
      propertyPath: m_RootOrder
      value: 27
      objectReference: {fileID: 0}
    - target: {fileID: 114607961895563486, guid: 2795e193de5b3314d93261d1c35eab21,
        type: 2}
      propertyPath: thrust
      value: 800
      objectReference: {fileID: 0}
    - target: {fileID: 114607961895563486, guid: 2795e193de5b3314d93261d1c35eab21,
        type: 2}
      propertyPath: turnSpeed
      value: 75
      objectReference: {fileID: 0}
    m_RemovedComponents: []
  m_ParentPrefab: {fileID: 100100000, guid: 2795e193de5b3314d93261d1c35eab21, type: 2}
  m_IsPrefabParent: 0
--- !u!1001 &237512265
Prefab:
  m_ObjectHideFlags: 0
  serializedVersion: 2
  m_Modification:
    m_TransformParent: {fileID: 0}
    m_Modifications:
    - target: {fileID: 4124388853505466, guid: 1a9d58a4ab8e16241818ee4a1be4636a, type: 2}
      propertyPath: m_LocalPosition.x
      value: -40
      objectReference: {fileID: 0}
    - target: {fileID: 4124388853505466, guid: 1a9d58a4ab8e16241818ee4a1be4636a, type: 2}
      propertyPath: m_LocalPosition.y
      value: 0
      objectReference: {fileID: 0}
    - target: {fileID: 4124388853505466, guid: 1a9d58a4ab8e16241818ee4a1be4636a, type: 2}
      propertyPath: m_LocalPosition.z
      value: 0
      objectReference: {fileID: 0}
    - target: {fileID: 4124388853505466, guid: 1a9d58a4ab8e16241818ee4a1be4636a, type: 2}
      propertyPath: m_LocalRotation.x
      value: 0
      objectReference: {fileID: 0}
    - target: {fileID: 4124388853505466, guid: 1a9d58a4ab8e16241818ee4a1be4636a, type: 2}
      propertyPath: m_LocalRotation.y
      value: 0
      objectReference: {fileID: 0}
    - target: {fileID: 4124388853505466, guid: 1a9d58a4ab8e16241818ee4a1be4636a, type: 2}
      propertyPath: m_LocalRotation.z
      value: 0
      objectReference: {fileID: 0}
    - target: {fileID: 4124388853505466, guid: 1a9d58a4ab8e16241818ee4a1be4636a, type: 2}
      propertyPath: m_LocalRotation.w
      value: 1
      objectReference: {fileID: 0}
    - target: {fileID: 4124388853505466, guid: 1a9d58a4ab8e16241818ee4a1be4636a, type: 2}
      propertyPath: m_RootOrder
      value: 20
      objectReference: {fileID: 0}
    m_RemovedComponents: []
  m_ParentPrefab: {fileID: 100100000, guid: 1a9d58a4ab8e16241818ee4a1be4636a, type: 2}
  m_IsPrefabParent: 0
--- !u!1001 &347428145
Prefab:
  m_ObjectHideFlags: 0
  serializedVersion: 2
  m_Modification:
    m_TransformParent: {fileID: 0}
    m_Modifications:
    - target: {fileID: 4770946752793886, guid: 3f1b3ceea05525f40b8c01251b44a044, type: 2}
      propertyPath: m_LocalPosition.x
      value: 40.13813
      objectReference: {fileID: 0}
    - target: {fileID: 4770946752793886, guid: 3f1b3ceea05525f40b8c01251b44a044, type: 2}
      propertyPath: m_LocalPosition.y
      value: 13.446882
      objectReference: {fileID: 0}
    - target: {fileID: 4770946752793886, guid: 3f1b3ceea05525f40b8c01251b44a044, type: 2}
      propertyPath: m_LocalPosition.z
      value: 0
      objectReference: {fileID: 0}
    - target: {fileID: 4770946752793886, guid: 3f1b3ceea05525f40b8c01251b44a044, type: 2}
      propertyPath: m_LocalRotation.x
      value: -0.7071068
      objectReference: {fileID: 0}
    - target: {fileID: 4770946752793886, guid: 3f1b3ceea05525f40b8c01251b44a044, type: 2}
      propertyPath: m_LocalRotation.y
      value: 0
      objectReference: {fileID: 0}
    - target: {fileID: 4770946752793886, guid: 3f1b3ceea05525f40b8c01251b44a044, type: 2}
      propertyPath: m_LocalRotation.z
      value: 0
      objectReference: {fileID: 0}
    - target: {fileID: 4770946752793886, guid: 3f1b3ceea05525f40b8c01251b44a044, type: 2}
      propertyPath: m_LocalRotation.w
      value: 0.7071068
      objectReference: {fileID: 0}
    - target: {fileID: 4770946752793886, guid: 3f1b3ceea05525f40b8c01251b44a044, type: 2}
      propertyPath: m_RootOrder
      value: 10
      objectReference: {fileID: 0}
    - target: {fileID: 1550607872710170, guid: 3f1b3ceea05525f40b8c01251b44a044, type: 2}
      propertyPath: m_Name
      value: PowerUpThrust (7)
      objectReference: {fileID: 0}
    m_RemovedComponents: []
  m_ParentPrefab: {fileID: 100100000, guid: 3f1b3ceea05525f40b8c01251b44a044, type: 2}
  m_IsPrefabParent: 0
--- !u!1001 &418132079
Prefab:
  m_ObjectHideFlags: 0
  serializedVersion: 2
  m_Modification:
    m_TransformParent: {fileID: 0}
    m_Modifications:
    - target: {fileID: 4770946752793886, guid: 3f1b3ceea05525f40b8c01251b44a044, type: 2}
      propertyPath: m_LocalPosition.x
      value: 44.38012
      objectReference: {fileID: 0}
    - target: {fileID: 4770946752793886, guid: 3f1b3ceea05525f40b8c01251b44a044, type: 2}
      propertyPath: m_LocalPosition.y
      value: 17.409658
      objectReference: {fileID: 0}
    - target: {fileID: 4770946752793886, guid: 3f1b3ceea05525f40b8c01251b44a044, type: 2}
      propertyPath: m_LocalPosition.z
      value: 0
      objectReference: {fileID: 0}
    - target: {fileID: 4770946752793886, guid: 3f1b3ceea05525f40b8c01251b44a044, type: 2}
      propertyPath: m_LocalRotation.x
      value: -0.7071068
      objectReference: {fileID: 0}
    - target: {fileID: 4770946752793886, guid: 3f1b3ceea05525f40b8c01251b44a044, type: 2}
      propertyPath: m_LocalRotation.y
      value: 0
      objectReference: {fileID: 0}
    - target: {fileID: 4770946752793886, guid: 3f1b3ceea05525f40b8c01251b44a044, type: 2}
      propertyPath: m_LocalRotation.z
      value: 0
      objectReference: {fileID: 0}
    - target: {fileID: 4770946752793886, guid: 3f1b3ceea05525f40b8c01251b44a044, type: 2}
      propertyPath: m_LocalRotation.w
      value: 0.7071068
      objectReference: {fileID: 0}
    - target: {fileID: 4770946752793886, guid: 3f1b3ceea05525f40b8c01251b44a044, type: 2}
      propertyPath: m_RootOrder
      value: 9
      objectReference: {fileID: 0}
    - target: {fileID: 1550607872710170, guid: 3f1b3ceea05525f40b8c01251b44a044, type: 2}
      propertyPath: m_Name
      value: PowerUpThrust (6)
      objectReference: {fileID: 0}
    m_RemovedComponents: []
  m_ParentPrefab: {fileID: 100100000, guid: 3f1b3ceea05525f40b8c01251b44a044, type: 2}
  m_IsPrefabParent: 0
--- !u!1001 &425220612
Prefab:
  m_ObjectHideFlags: 0
  serializedVersion: 2
  m_Modification:
    m_TransformParent: {fileID: 0}
    m_Modifications:
    - target: {fileID: 4946154624535298, guid: b65b0782fb36b64489643ea3f7c0a9cb, type: 2}
      propertyPath: m_LocalPosition.x
      value: -26.2
      objectReference: {fileID: 0}
    - target: {fileID: 4946154624535298, guid: b65b0782fb36b64489643ea3f7c0a9cb, type: 2}
      propertyPath: m_LocalPosition.y
      value: 6.6
      objectReference: {fileID: 0}
    - target: {fileID: 4946154624535298, guid: b65b0782fb36b64489643ea3f7c0a9cb, type: 2}
      propertyPath: m_LocalPosition.z
      value: 0
      objectReference: {fileID: 0}
    - target: {fileID: 4946154624535298, guid: b65b0782fb36b64489643ea3f7c0a9cb, type: 2}
      propertyPath: m_LocalRotation.x
      value: 0
      objectReference: {fileID: 0}
    - target: {fileID: 4946154624535298, guid: b65b0782fb36b64489643ea3f7c0a9cb, type: 2}
      propertyPath: m_LocalRotation.y
      value: 0
      objectReference: {fileID: 0}
    - target: {fileID: 4946154624535298, guid: b65b0782fb36b64489643ea3f7c0a9cb, type: 2}
      propertyPath: m_LocalRotation.z
      value: 0
      objectReference: {fileID: 0}
    - target: {fileID: 4946154624535298, guid: b65b0782fb36b64489643ea3f7c0a9cb, type: 2}
      propertyPath: m_LocalRotation.w
      value: 1
      objectReference: {fileID: 0}
    - target: {fileID: 4946154624535298, guid: b65b0782fb36b64489643ea3f7c0a9cb, type: 2}
      propertyPath: m_RootOrder
      value: 22
      objectReference: {fileID: 0}
    - target: {fileID: 4946154624535298, guid: b65b0782fb36b64489643ea3f7c0a9cb, type: 2}
      propertyPath: m_LocalScale.y
      value: 17.095493
      objectReference: {fileID: 0}
    - target: {fileID: 1183592055299950, guid: b65b0782fb36b64489643ea3f7c0a9cb, type: 2}
      propertyPath: m_Name
      value: Obstacle (1)
      objectReference: {fileID: 0}
    m_RemovedComponents: []
  m_ParentPrefab: {fileID: 100100000, guid: b65b0782fb36b64489643ea3f7c0a9cb, type: 2}
  m_IsPrefabParent: 0
--- !u!1001 &433422883
Prefab:
  m_ObjectHideFlags: 0
  serializedVersion: 2
  m_Modification:
    m_TransformParent: {fileID: 0}
    m_Modifications:
    - target: {fileID: 4770946752793886, guid: 3f1b3ceea05525f40b8c01251b44a044, type: 2}
      propertyPath: m_LocalPosition.x
      value: 54.954117
      objectReference: {fileID: 0}
    - target: {fileID: 4770946752793886, guid: 3f1b3ceea05525f40b8c01251b44a044, type: 2}
      propertyPath: m_LocalPosition.y
      value: 6.884527
      objectReference: {fileID: 0}
    - target: {fileID: 4770946752793886, guid: 3f1b3ceea05525f40b8c01251b44a044, type: 2}
      propertyPath: m_LocalPosition.z
      value: 0
      objectReference: {fileID: 0}
    - target: {fileID: 4770946752793886, guid: 3f1b3ceea05525f40b8c01251b44a044, type: 2}
      propertyPath: m_LocalRotation.x
      value: -0.7071068
      objectReference: {fileID: 0}
    - target: {fileID: 4770946752793886, guid: 3f1b3ceea05525f40b8c01251b44a044, type: 2}
      propertyPath: m_LocalRotation.y
      value: 0
      objectReference: {fileID: 0}
    - target: {fileID: 4770946752793886, guid: 3f1b3ceea05525f40b8c01251b44a044, type: 2}
      propertyPath: m_LocalRotation.z
      value: 0
      objectReference: {fileID: 0}
    - target: {fileID: 4770946752793886, guid: 3f1b3ceea05525f40b8c01251b44a044, type: 2}
      propertyPath: m_LocalRotation.w
      value: 0.7071068
      objectReference: {fileID: 0}
    - target: {fileID: 4770946752793886, guid: 3f1b3ceea05525f40b8c01251b44a044, type: 2}
      propertyPath: m_RootOrder
      value: 8
      objectReference: {fileID: 0}
    - target: {fileID: 1550607872710170, guid: 3f1b3ceea05525f40b8c01251b44a044, type: 2}
      propertyPath: m_Name
      value: PowerUpThrust (5)
      objectReference: {fileID: 0}
    m_RemovedComponents: []
  m_ParentPrefab: {fileID: 100100000, guid: 3f1b3ceea05525f40b8c01251b44a044, type: 2}
  m_IsPrefabParent: 0
--- !u!1001 &447963503
Prefab:
  m_ObjectHideFlags: 0
  serializedVersion: 2
  m_Modification:
    m_TransformParent: {fileID: 0}
    m_Modifications:
    - target: {fileID: 4770946752793886, guid: 3f1b3ceea05525f40b8c01251b44a044, type: 2}
      propertyPath: m_LocalPosition.x
      value: 45.16917
      objectReference: {fileID: 0}
    - target: {fileID: 4770946752793886, guid: 3f1b3ceea05525f40b8c01251b44a044, type: 2}
      propertyPath: m_LocalPosition.y
      value: 7.2050323
      objectReference: {fileID: 0}
    - target: {fileID: 4770946752793886, guid: 3f1b3ceea05525f40b8c01251b44a044, type: 2}
      propertyPath: m_LocalPosition.z
      value: 0
      objectReference: {fileID: 0}
    - target: {fileID: 4770946752793886, guid: 3f1b3ceea05525f40b8c01251b44a044, type: 2}
      propertyPath: m_LocalRotation.x
      value: -0.7071068
      objectReference: {fileID: 0}
    - target: {fileID: 4770946752793886, guid: 3f1b3ceea05525f40b8c01251b44a044, type: 2}
      propertyPath: m_LocalRotation.y
      value: 0
      objectReference: {fileID: 0}
    - target: {fileID: 4770946752793886, guid: 3f1b3ceea05525f40b8c01251b44a044, type: 2}
      propertyPath: m_LocalRotation.z
      value: 0
      objectReference: {fileID: 0}
    - target: {fileID: 4770946752793886, guid: 3f1b3ceea05525f40b8c01251b44a044, type: 2}
      propertyPath: m_LocalRotation.w
      value: 0.7071068
      objectReference: {fileID: 0}
    - target: {fileID: 4770946752793886, guid: 3f1b3ceea05525f40b8c01251b44a044, type: 2}
      propertyPath: m_RootOrder
      value: 7
      objectReference: {fileID: 0}
    - target: {fileID: 1550607872710170, guid: 3f1b3ceea05525f40b8c01251b44a044, type: 2}
      propertyPath: m_Name
      value: PowerUpThrust (2)
      objectReference: {fileID: 0}
    m_RemovedComponents: []
  m_ParentPrefab: {fileID: 100100000, guid: 3f1b3ceea05525f40b8c01251b44a044, type: 2}
  m_IsPrefabParent: 0
--- !u!1001 &472746741
Prefab:
  m_ObjectHideFlags: 0
  serializedVersion: 2
  m_Modification:
    m_TransformParent: {fileID: 0}
    m_Modifications:
    - target: {fileID: 4770946752793886, guid: 3f1b3ceea05525f40b8c01251b44a044, type: 2}
      propertyPath: m_LocalPosition.x
      value: 32.78026
      objectReference: {fileID: 0}
    - target: {fileID: 4770946752793886, guid: 3f1b3ceea05525f40b8c01251b44a044, type: 2}
      propertyPath: m_LocalPosition.y
      value: 13.410278
      objectReference: {fileID: 0}
    - target: {fileID: 4770946752793886, guid: 3f1b3ceea05525f40b8c01251b44a044, type: 2}
      propertyPath: m_LocalPosition.z
      value: 0
      objectReference: {fileID: 0}
    - target: {fileID: 4770946752793886, guid: 3f1b3ceea05525f40b8c01251b44a044, type: 2}
      propertyPath: m_LocalRotation.x
      value: -0.7071068
      objectReference: {fileID: 0}
    - target: {fileID: 4770946752793886, guid: 3f1b3ceea05525f40b8c01251b44a044, type: 2}
      propertyPath: m_LocalRotation.y
      value: 0
      objectReference: {fileID: 0}
    - target: {fileID: 4770946752793886, guid: 3f1b3ceea05525f40b8c01251b44a044, type: 2}
      propertyPath: m_LocalRotation.z
      value: 0
      objectReference: {fileID: 0}
    - target: {fileID: 4770946752793886, guid: 3f1b3ceea05525f40b8c01251b44a044, type: 2}
      propertyPath: m_LocalRotation.w
      value: 0.7071068
      objectReference: {fileID: 0}
    - target: {fileID: 4770946752793886, guid: 3f1b3ceea05525f40b8c01251b44a044, type: 2}
      propertyPath: m_RootOrder
      value: 6
      objectReference: {fileID: 0}
    m_RemovedComponents: []
  m_ParentPrefab: {fileID: 100100000, guid: 3f1b3ceea05525f40b8c01251b44a044, type: 2}
  m_IsPrefabParent: 0
--- !u!1001 &571066393
Prefab:
  m_ObjectHideFlags: 0
  serializedVersion: 2
  m_Modification:
    m_TransformParent: {fileID: 0}
    m_Modifications:
    - target: {fileID: 4754769154157084, guid: f801dc92cd1403942b2c787cb458462e, type: 2}
      propertyPath: m_LocalPosition.x
      value: -0.42415714
      objectReference: {fileID: 0}
    - target: {fileID: 4754769154157084, guid: f801dc92cd1403942b2c787cb458462e, type: 2}
      propertyPath: m_LocalPosition.y
      value: 43.163773
      objectReference: {fileID: 0}
    - target: {fileID: 4754769154157084, guid: f801dc92cd1403942b2c787cb458462e, type: 2}
      propertyPath: m_LocalPosition.z
      value: 0
      objectReference: {fileID: 0}
    - target: {fileID: 4754769154157084, guid: f801dc92cd1403942b2c787cb458462e, type: 2}
      propertyPath: m_LocalRotation.x
      value: 0
      objectReference: {fileID: 0}
    - target: {fileID: 4754769154157084, guid: f801dc92cd1403942b2c787cb458462e, type: 2}
      propertyPath: m_LocalRotation.y
      value: 0
      objectReference: {fileID: 0}
    - target: {fileID: 4754769154157084, guid: f801dc92cd1403942b2c787cb458462e, type: 2}
      propertyPath: m_LocalRotation.z
      value: 0
      objectReference: {fileID: 0}
    - target: {fileID: 4754769154157084, guid: f801dc92cd1403942b2c787cb458462e, type: 2}
      propertyPath: m_LocalRotation.w
      value: 1
      objectReference: {fileID: 0}
    - target: {fileID: 4754769154157084, guid: f801dc92cd1403942b2c787cb458462e, type: 2}
      propertyPath: m_RootOrder
      value: 4
      objectReference: {fileID: 0}
    - target: {fileID: 1109234384710054, guid: f801dc92cd1403942b2c787cb458462e, type: 2}
      propertyPath: m_Name
      value: ScoreBooster (7)
      objectReference: {fileID: 0}
    - target: {fileID: 135986234554889372, guid: f801dc92cd1403942b2c787cb458462e,
        type: 2}
      propertyPath: m_IsTrigger
      value: 1
      objectReference: {fileID: 0}
    m_RemovedComponents: []
  m_ParentPrefab: {fileID: 100100000, guid: f801dc92cd1403942b2c787cb458462e, type: 2}
  m_IsPrefabParent: 0
--- !u!1001 &860987880
Prefab:
  m_ObjectHideFlags: 0
  serializedVersion: 2
  m_Modification:
    m_TransformParent: {fileID: 0}
    m_Modifications:
    - target: {fileID: 4467049066207492, guid: 83997f244fe8360468db7a634becae4c, type: 2}
      propertyPath: m_LocalPosition.x
      value: -39.5
      objectReference: {fileID: 0}
    - target: {fileID: 4467049066207492, guid: 83997f244fe8360468db7a634becae4c, type: 2}
      propertyPath: m_LocalPosition.y
      value: 2.63
      objectReference: {fileID: 0}
    - target: {fileID: 4467049066207492, guid: 83997f244fe8360468db7a634becae4c, type: 2}
      propertyPath: m_LocalPosition.z
      value: 0
      objectReference: {fileID: 0}
    - target: {fileID: 4467049066207492, guid: 83997f244fe8360468db7a634becae4c, type: 2}
      propertyPath: m_LocalRotation.x
      value: 0
      objectReference: {fileID: 0}
    - target: {fileID: 4467049066207492, guid: 83997f244fe8360468db7a634becae4c, type: 2}
      propertyPath: m_LocalRotation.y
      value: 0
      objectReference: {fileID: 0}
    - target: {fileID: 4467049066207492, guid: 83997f244fe8360468db7a634becae4c, type: 2}
      propertyPath: m_LocalRotation.z
      value: 0
      objectReference: {fileID: 0}
    - target: {fileID: 4467049066207492, guid: 83997f244fe8360468db7a634becae4c, type: 2}
      propertyPath: m_LocalRotation.w
      value: 1
      objectReference: {fileID: 0}
    - target: {fileID: 4467049066207492, guid: 83997f244fe8360468db7a634becae4c, type: 2}
      propertyPath: m_RootOrder
      value: 0
      objectReference: {fileID: 0}
    m_RemovedComponents: []
  m_ParentPrefab: {fileID: 100100000, guid: 83997f244fe8360468db7a634becae4c, type: 2}
  m_IsPrefabParent: 0
--- !u!1 &879852005 stripped
GameObject:
  m_PrefabParentObject: {fileID: 1183592055299950, guid: b65b0782fb36b64489643ea3f7c0a9cb,
    type: 2}
  m_PrefabInternal: {fileID: 1620991159}
--- !u!114 &879852006
MonoBehaviour:
  m_ObjectHideFlags: 0
  m_PrefabParentObject: {fileID: 0}
  m_PrefabInternal: {fileID: 0}
  m_GameObject: {fileID: 879852005}
  m_Enabled: 1
  m_EditorHideFlags: 0
  m_Script: {fileID: 11500000, guid: 073353f3eae7f91468ab197bff7947ab, type: 3}
  m_Name: 
  m_EditorClassIdentifier: 
  movementVector: {x: 20, y: 0, z: 0}
  movementSpeed: 0.34
  Center: 1
--- !u!4 &879852010 stripped
Transform:
  m_PrefabParentObject: {fileID: 4946154624535298, guid: b65b0782fb36b64489643ea3f7c0a9cb,
    type: 2}
  m_PrefabInternal: {fileID: 1620991159}
--- !u!114 &879852011
MonoBehaviour:
  m_ObjectHideFlags: 0
  m_PrefabParentObject: {fileID: 0}
  m_PrefabInternal: {fileID: 0}
  m_GameObject: {fileID: 879852005}
  m_Enabled: 1
  m_EditorHideFlags: 0
  m_Script: {fileID: 11500000, guid: 52029e52f51752944b0b71c8296f125a, type: 3}
  m_Name: 
  m_EditorClassIdentifier: 
  RotationSpeed: 100
  ZRotSpeed: 25
--- !u!1001 &883508022
Prefab:
  m_ObjectHideFlags: 0
  serializedVersion: 2
  m_Modification:
    m_TransformParent: {fileID: 0}
    m_Modifications:
    - target: {fileID: 4754769154157084, guid: f801dc92cd1403942b2c787cb458462e, type: 2}
      propertyPath: m_LocalPosition.x
      value: -8.9091015
      objectReference: {fileID: 0}
    - target: {fileID: 4754769154157084, guid: f801dc92cd1403942b2c787cb458462e, type: 2}
      propertyPath: m_LocalPosition.y
      value: 2.9726658
      objectReference: {fileID: 0}
    - target: {fileID: 4754769154157084, guid: f801dc92cd1403942b2c787cb458462e, type: 2}
      propertyPath: m_LocalPosition.z
      value: 0
      objectReference: {fileID: 0}
    - target: {fileID: 4754769154157084, guid: f801dc92cd1403942b2c787cb458462e, type: 2}
      propertyPath: m_LocalRotation.x
      value: 0
      objectReference: {fileID: 0}
    - target: {fileID: 4754769154157084, guid: f801dc92cd1403942b2c787cb458462e, type: 2}
      propertyPath: m_LocalRotation.y
      value: 0
      objectReference: {fileID: 0}
    - target: {fileID: 4754769154157084, guid: f801dc92cd1403942b2c787cb458462e, type: 2}
      propertyPath: m_LocalRotation.z
      value: 0
      objectReference: {fileID: 0}
    - target: {fileID: 4754769154157084, guid: f801dc92cd1403942b2c787cb458462e, type: 2}
      propertyPath: m_LocalRotation.w
      value: 1
      objectReference: {fileID: 0}
    - target: {fileID: 4754769154157084, guid: f801dc92cd1403942b2c787cb458462e, type: 2}
      propertyPath: m_RootOrder
      value: 16
      objectReference: {fileID: 0}
    - target: {fileID: 1109234384710054, guid: f801dc92cd1403942b2c787cb458462e, type: 2}
      propertyPath: m_Name
      value: ScoreBooster (3)
      objectReference: {fileID: 0}
    - target: {fileID: 114574553676787360, guid: f801dc92cd1403942b2c787cb458462e,
        type: 2}
      propertyPath: keyName
      value: Door2
      objectReference: {fileID: 0}
    - target: {fileID: 135986234554889372, guid: f801dc92cd1403942b2c787cb458462e,
        type: 2}
      propertyPath: m_IsTrigger
      value: 1
      objectReference: {fileID: 0}
    m_RemovedComponents: []
  m_ParentPrefab: {fileID: 100100000, guid: f801dc92cd1403942b2c787cb458462e, type: 2}
  m_IsPrefabParent: 0
--- !u!1001 &981181229
Prefab:
  m_ObjectHideFlags: 0
  serializedVersion: 2
  m_Modification:
    m_TransformParent: {fileID: 0}
    m_Modifications:
    - target: {fileID: 4770946752793886, guid: 3f1b3ceea05525f40b8c01251b44a044, type: 2}
      propertyPath: m_LocalPosition.x
      value: 32.120045
      objectReference: {fileID: 0}
    - target: {fileID: 4770946752793886, guid: 3f1b3ceea05525f40b8c01251b44a044, type: 2}
      propertyPath: m_LocalPosition.y
      value: 30.818441
      objectReference: {fileID: 0}
    - target: {fileID: 4770946752793886, guid: 3f1b3ceea05525f40b8c01251b44a044, type: 2}
      propertyPath: m_LocalPosition.z
      value: 0
      objectReference: {fileID: 0}
    - target: {fileID: 4770946752793886, guid: 3f1b3ceea05525f40b8c01251b44a044, type: 2}
      propertyPath: m_LocalRotation.x
      value: -0.7071068
      objectReference: {fileID: 0}
    - target: {fileID: 4770946752793886, guid: 3f1b3ceea05525f40b8c01251b44a044, type: 2}
      propertyPath: m_LocalRotation.y
      value: 0
      objectReference: {fileID: 0}
    - target: {fileID: 4770946752793886, guid: 3f1b3ceea05525f40b8c01251b44a044, type: 2}
      propertyPath: m_LocalRotation.z
      value: 0
      objectReference: {fileID: 0}
    - target: {fileID: 4770946752793886, guid: 3f1b3ceea05525f40b8c01251b44a044, type: 2}
      propertyPath: m_LocalRotation.w
      value: 0.7071068
      objectReference: {fileID: 0}
    - target: {fileID: 4770946752793886, guid: 3f1b3ceea05525f40b8c01251b44a044, type: 2}
      propertyPath: m_RootOrder
      value: 3
      objectReference: {fileID: 0}
    - target: {fileID: 1550607872710170, guid: 3f1b3ceea05525f40b8c01251b44a044, type: 2}
      propertyPath: m_Name
      value: PowerUpThrust (8)
      objectReference: {fileID: 0}
    m_RemovedComponents: []
  m_ParentPrefab: {fileID: 100100000, guid: 3f1b3ceea05525f40b8c01251b44a044, type: 2}
  m_IsPrefabParent: 0
--- !u!1001 &1040399663
Prefab:
  m_ObjectHideFlags: 0
  serializedVersion: 2
  m_Modification:
    m_TransformParent: {fileID: 0}
    m_Modifications:
    - target: {fileID: 4754769154157084, guid: f801dc92cd1403942b2c787cb458462e, type: 2}
      propertyPath: m_LocalPosition.x
      value: -15.470797
      objectReference: {fileID: 0}
    - target: {fileID: 4754769154157084, guid: f801dc92cd1403942b2c787cb458462e, type: 2}
      propertyPath: m_LocalPosition.y
      value: 42.824196
      objectReference: {fileID: 0}
    - target: {fileID: 4754769154157084, guid: f801dc92cd1403942b2c787cb458462e, type: 2}
      propertyPath: m_LocalPosition.z
      value: 0
      objectReference: {fileID: 0}
    - target: {fileID: 4754769154157084, guid: f801dc92cd1403942b2c787cb458462e, type: 2}
      propertyPath: m_LocalRotation.x
      value: 0
      objectReference: {fileID: 0}
    - target: {fileID: 4754769154157084, guid: f801dc92cd1403942b2c787cb458462e, type: 2}
      propertyPath: m_LocalRotation.y
      value: 0
      objectReference: {fileID: 0}
    - target: {fileID: 4754769154157084, guid: f801dc92cd1403942b2c787cb458462e, type: 2}
      propertyPath: m_LocalRotation.z
      value: 0
      objectReference: {fileID: 0}
    - target: {fileID: 4754769154157084, guid: f801dc92cd1403942b2c787cb458462e, type: 2}
      propertyPath: m_LocalRotation.w
      value: 1
      objectReference: {fileID: 0}
    - target: {fileID: 4754769154157084, guid: f801dc92cd1403942b2c787cb458462e, type: 2}
      propertyPath: m_RootOrder
      value: 5
      objectReference: {fileID: 0}
    - target: {fileID: 1109234384710054, guid: f801dc92cd1403942b2c787cb458462e, type: 2}
      propertyPath: m_Name
      value: ScoreBooster (5)
      objectReference: {fileID: 0}
    - target: {fileID: 135986234554889372, guid: f801dc92cd1403942b2c787cb458462e,
        type: 2}
      propertyPath: m_IsTrigger
      value: 1
      objectReference: {fileID: 0}
    m_RemovedComponents: []
  m_ParentPrefab: {fileID: 100100000, guid: f801dc92cd1403942b2c787cb458462e, type: 2}
  m_IsPrefabParent: 0
--- !u!1 &1056166435 stripped
GameObject:
  m_PrefabParentObject: {fileID: 1109234384710054, guid: f801dc92cd1403942b2c787cb458462e,
    type: 2}
  m_PrefabInternal: {fileID: 571066393}
--- !u!114 &1056166436
MonoBehaviour:
  m_ObjectHideFlags: 0
  m_PrefabParentObject: {fileID: 0}
  m_PrefabInternal: {fileID: 0}
  m_GameObject: {fileID: 1056166435}
  m_Enabled: 1
  m_EditorHideFlags: 0
  m_Script: {fileID: 11500000, guid: 6552153d3c5506445a0c1b05c4075d23, type: 3}
  m_Name: 
  m_EditorClassIdentifier: 
  keyName: Key
  scoreModifier: 10
  clips: []
--- !u!1 &1127560534 stripped
GameObject:
  m_PrefabParentObject: {fileID: 1109234384710054, guid: f801dc92cd1403942b2c787cb458462e,
    type: 2}
  m_PrefabInternal: {fileID: 883508022}
--- !u!114 &1127560535
MonoBehaviour:
  m_ObjectHideFlags: 0
  m_PrefabParentObject: {fileID: 0}
  m_PrefabInternal: {fileID: 0}
  m_GameObject: {fileID: 1127560534}
  m_Enabled: 1
  m_EditorHideFlags: 0
  m_Script: {fileID: 11500000, guid: 6552153d3c5506445a0c1b05c4075d23, type: 3}
  m_Name: 
  m_EditorClassIdentifier: 
  keyName: Door2
  scoreModifier: 10
  clips: []
--- !u!1 &1172129159 stripped
GameObject:
  m_PrefabParentObject: {fileID: 1109234384710054, guid: f801dc92cd1403942b2c787cb458462e,
    type: 2}
  m_PrefabInternal: {fileID: 1040399663}
--- !u!114 &1172129160
MonoBehaviour:
  m_ObjectHideFlags: 0
  m_PrefabParentObject: {fileID: 0}
  m_PrefabInternal: {fileID: 0}
  m_GameObject: {fileID: 1172129159}
  m_Enabled: 1
  m_EditorHideFlags: 0
  m_Script: {fileID: 11500000, guid: 6552153d3c5506445a0c1b05c4075d23, type: 3}
  m_Name: 
  m_EditorClassIdentifier: 
  keyName: Key
  scoreModifier: 10
  clips: []
--- !u!1 &1410195004 stripped
GameObject:
  m_PrefabParentObject: {fileID: 1109234384710054, guid: f801dc92cd1403942b2c787cb458462e,
    type: 2}
  m_PrefabInternal: {fileID: 1569332087}
--- !u!114 &1410195005
MonoBehaviour:
  m_ObjectHideFlags: 0
  m_PrefabParentObject: {fileID: 0}
  m_PrefabInternal: {fileID: 0}
  m_GameObject: {fileID: 1410195004}
  m_Enabled: 1
  m_EditorHideFlags: 0
  m_Script: {fileID: 11500000, guid: 6552153d3c5506445a0c1b05c4075d23, type: 3}
  m_Name: 
  m_EditorClassIdentifier: 
  keyName: Door2
  scoreModifier: 10
  clips: []
--- !u!1001 &1470266709
Prefab:
  m_ObjectHideFlags: 0
  serializedVersion: 2
  m_Modification:
    m_TransformParent: {fileID: 0}
    m_Modifications:
    - target: {fileID: 4946154624535298, guid: b65b0782fb36b64489643ea3f7c0a9cb, type: 2}
      propertyPath: m_LocalPosition.x
      value: 10.36
      objectReference: {fileID: 0}
    - target: {fileID: 4946154624535298, guid: b65b0782fb36b64489643ea3f7c0a9cb, type: 2}
      propertyPath: m_LocalPosition.y
      value: 6.7
      objectReference: {fileID: 0}
    - target: {fileID: 4946154624535298, guid: b65b0782fb36b64489643ea3f7c0a9cb, type: 2}
      propertyPath: m_LocalPosition.z
      value: 0
      objectReference: {fileID: 0}
    - target: {fileID: 4946154624535298, guid: b65b0782fb36b64489643ea3f7c0a9cb, type: 2}
      propertyPath: m_LocalRotation.x
      value: 0
      objectReference: {fileID: 0}
    - target: {fileID: 4946154624535298, guid: b65b0782fb36b64489643ea3f7c0a9cb, type: 2}
      propertyPath: m_LocalRotation.y
      value: 0
      objectReference: {fileID: 0}
    - target: {fileID: 4946154624535298, guid: b65b0782fb36b64489643ea3f7c0a9cb, type: 2}
      propertyPath: m_LocalRotation.z
      value: 0
      objectReference: {fileID: 0}
    - target: {fileID: 4946154624535298, guid: b65b0782fb36b64489643ea3f7c0a9cb, type: 2}
      propertyPath: m_LocalRotation.w
      value: 1
      objectReference: {fileID: 0}
    - target: {fileID: 4946154624535298, guid: b65b0782fb36b64489643ea3f7c0a9cb, type: 2}
      propertyPath: m_RootOrder
      value: 21
      objectReference: {fileID: 0}
    - target: {fileID: 4946154624535298, guid: b65b0782fb36b64489643ea3f7c0a9cb, type: 2}
      propertyPath: m_LocalScale.y
      value: 17.095493
      objectReference: {fileID: 0}
    - target: {fileID: 1183592055299950, guid: b65b0782fb36b64489643ea3f7c0a9cb, type: 2}
      propertyPath: m_Name
      value: Door
      objectReference: {fileID: 0}
    m_RemovedComponents: []
  m_ParentPrefab: {fileID: 100100000, guid: b65b0782fb36b64489643ea3f7c0a9cb, type: 2}
  m_IsPrefabParent: 0
--- !u!1001 &1541946155
Prefab:
  m_ObjectHideFlags: 0
  serializedVersion: 2
  m_Modification:
    m_TransformParent: {fileID: 0}
    m_Modifications:
    - target: {fileID: 224194658898802282, guid: e26000f8f9b87e04aafd08bf7f9c745e,
        type: 2}
      propertyPath: m_LocalPosition.x
      value: 0
      objectReference: {fileID: 0}
    - target: {fileID: 224194658898802282, guid: e26000f8f9b87e04aafd08bf7f9c745e,
        type: 2}
      propertyPath: m_LocalPosition.y
      value: 0
      objectReference: {fileID: 0}
    - target: {fileID: 224194658898802282, guid: e26000f8f9b87e04aafd08bf7f9c745e,
        type: 2}
      propertyPath: m_LocalPosition.z
      value: 0
      objectReference: {fileID: 0}
    - target: {fileID: 224194658898802282, guid: e26000f8f9b87e04aafd08bf7f9c745e,
        type: 2}
      propertyPath: m_LocalRotation.x
      value: 0
      objectReference: {fileID: 0}
    - target: {fileID: 224194658898802282, guid: e26000f8f9b87e04aafd08bf7f9c745e,
        type: 2}
      propertyPath: m_LocalRotation.y
      value: 0
      objectReference: {fileID: 0}
    - target: {fileID: 224194658898802282, guid: e26000f8f9b87e04aafd08bf7f9c745e,
        type: 2}
      propertyPath: m_LocalRotation.z
      value: 0
      objectReference: {fileID: 0}
    - target: {fileID: 224194658898802282, guid: e26000f8f9b87e04aafd08bf7f9c745e,
        type: 2}
      propertyPath: m_LocalRotation.w
      value: 1
      objectReference: {fileID: 0}
    - target: {fileID: 224194658898802282, guid: e26000f8f9b87e04aafd08bf7f9c745e,
        type: 2}
      propertyPath: m_RootOrder
      value: 26
      objectReference: {fileID: 0}
    - target: {fileID: 224194658898802282, guid: e26000f8f9b87e04aafd08bf7f9c745e,
        type: 2}
      propertyPath: m_AnchoredPosition.x
      value: 0
      objectReference: {fileID: 0}
    - target: {fileID: 224194658898802282, guid: e26000f8f9b87e04aafd08bf7f9c745e,
        type: 2}
      propertyPath: m_AnchoredPosition.y
      value: 0
      objectReference: {fileID: 0}
    - target: {fileID: 224194658898802282, guid: e26000f8f9b87e04aafd08bf7f9c745e,
        type: 2}
      propertyPath: m_SizeDelta.x
      value: 0
      objectReference: {fileID: 0}
    - target: {fileID: 224194658898802282, guid: e26000f8f9b87e04aafd08bf7f9c745e,
        type: 2}
      propertyPath: m_SizeDelta.y
      value: 0
      objectReference: {fileID: 0}
    - target: {fileID: 224194658898802282, guid: e26000f8f9b87e04aafd08bf7f9c745e,
        type: 2}
      propertyPath: m_AnchorMin.x
      value: 0
      objectReference: {fileID: 0}
    - target: {fileID: 224194658898802282, guid: e26000f8f9b87e04aafd08bf7f9c745e,
        type: 2}
      propertyPath: m_AnchorMin.y
      value: 0
      objectReference: {fileID: 0}
    - target: {fileID: 224194658898802282, guid: e26000f8f9b87e04aafd08bf7f9c745e,
        type: 2}
      propertyPath: m_AnchorMax.x
      value: 0
      objectReference: {fileID: 0}
    - target: {fileID: 224194658898802282, guid: e26000f8f9b87e04aafd08bf7f9c745e,
        type: 2}
      propertyPath: m_AnchorMax.y
      value: 0
      objectReference: {fileID: 0}
    - target: {fileID: 224194658898802282, guid: e26000f8f9b87e04aafd08bf7f9c745e,
        type: 2}
      propertyPath: m_Pivot.x
      value: 0
      objectReference: {fileID: 0}
    - target: {fileID: 224194658898802282, guid: e26000f8f9b87e04aafd08bf7f9c745e,
        type: 2}
      propertyPath: m_Pivot.y
      value: 0
      objectReference: {fileID: 0}
    m_RemovedComponents: []
  m_ParentPrefab: {fileID: 100100000, guid: e26000f8f9b87e04aafd08bf7f9c745e, type: 2}
  m_IsPrefabParent: 0
--- !u!1001 &1548193876
Prefab:
  m_ObjectHideFlags: 0
  serializedVersion: 2
  m_Modification:
    m_TransformParent: {fileID: 0}
    m_Modifications:
    - target: {fileID: 4754769154157084, guid: f801dc92cd1403942b2c787cb458462e, type: 2}
      propertyPath: m_LocalPosition.x
      value: -9.022251
      objectReference: {fileID: 0}
    - target: {fileID: 4754769154157084, guid: f801dc92cd1403942b2c787cb458462e, type: 2}
      propertyPath: m_LocalPosition.y
      value: 34.339493
      objectReference: {fileID: 0}
    - target: {fileID: 4754769154157084, guid: f801dc92cd1403942b2c787cb458462e, type: 2}
      propertyPath: m_LocalPosition.z
      value: 0
      objectReference: {fileID: 0}
    - target: {fileID: 4754769154157084, guid: f801dc92cd1403942b2c787cb458462e, type: 2}
      propertyPath: m_LocalRotation.x
      value: 0
      objectReference: {fileID: 0}
    - target: {fileID: 4754769154157084, guid: f801dc92cd1403942b2c787cb458462e, type: 2}
      propertyPath: m_LocalRotation.y
      value: 0
      objectReference: {fileID: 0}
    - target: {fileID: 4754769154157084, guid: f801dc92cd1403942b2c787cb458462e, type: 2}
      propertyPath: m_LocalRotation.z
      value: 0
      objectReference: {fileID: 0}
    - target: {fileID: 4754769154157084, guid: f801dc92cd1403942b2c787cb458462e, type: 2}
      propertyPath: m_LocalRotation.w
      value: 1
      objectReference: {fileID: 0}
    - target: {fileID: 4754769154157084, guid: f801dc92cd1403942b2c787cb458462e, type: 2}
      propertyPath: m_RootOrder
      value: 14
      objectReference: {fileID: 0}
    - target: {fileID: 1109234384710054, guid: f801dc92cd1403942b2c787cb458462e, type: 2}
      propertyPath: m_Name
      value: ScoreBooster (6)
      objectReference: {fileID: 0}
    - target: {fileID: 82299819802876054, guid: f801dc92cd1403942b2c787cb458462e,
        type: 2}
      propertyPath: m_audioClip
      value: 
      objectReference: {fileID: 8300000, guid: 9f73bebd3b9e7d2488a091c202bcde69, type: 3}
    - target: {fileID: 135986234554889372, guid: f801dc92cd1403942b2c787cb458462e,
        type: 2}
      propertyPath: m_IsTrigger
      value: 1
      objectReference: {fileID: 0}
    m_RemovedComponents: []
  m_ParentPrefab: {fileID: 100100000, guid: f801dc92cd1403942b2c787cb458462e, type: 2}
  m_IsPrefabParent: 0
--- !u!1001 &1569332087
Prefab:
  m_ObjectHideFlags: 0
  serializedVersion: 2
  m_Modification:
    m_TransformParent: {fileID: 0}
    m_Modifications:
    - target: {fileID: 4754769154157084, guid: f801dc92cd1403942b2c787cb458462e, type: 2}
      propertyPath: m_LocalPosition.x
      value: -8.795944
      objectReference: {fileID: 0}
    - target: {fileID: 4754769154157084, guid: f801dc92cd1403942b2c787cb458462e, type: 2}
      propertyPath: m_LocalPosition.y
      value: 10.1
      objectReference: {fileID: 0}
    - target: {fileID: 4754769154157084, guid: f801dc92cd1403942b2c787cb458462e, type: 2}
      propertyPath: m_LocalPosition.z
      value: 0
      objectReference: {fileID: 0}
    - target: {fileID: 4754769154157084, guid: f801dc92cd1403942b2c787cb458462e, type: 2}
      propertyPath: m_LocalRotation.x
      value: 0
      objectReference: {fileID: 0}
    - target: {fileID: 4754769154157084, guid: f801dc92cd1403942b2c787cb458462e, type: 2}
      propertyPath: m_LocalRotation.y
      value: 0
      objectReference: {fileID: 0}
    - target: {fileID: 4754769154157084, guid: f801dc92cd1403942b2c787cb458462e, type: 2}
      propertyPath: m_LocalRotation.z
      value: 0
      objectReference: {fileID: 0}
    - target: {fileID: 4754769154157084, guid: f801dc92cd1403942b2c787cb458462e, type: 2}
      propertyPath: m_LocalRotation.w
      value: 1
      objectReference: {fileID: 0}
    - target: {fileID: 4754769154157084, guid: f801dc92cd1403942b2c787cb458462e, type: 2}
      propertyPath: m_RootOrder
      value: 15
      objectReference: {fileID: 0}
    - target: {fileID: 1109234384710054, guid: f801dc92cd1403942b2c787cb458462e, type: 2}
      propertyPath: m_Name
      value: ScoreBooster (4)
      objectReference: {fileID: 0}
    - target: {fileID: 114574553676787360, guid: f801dc92cd1403942b2c787cb458462e,
        type: 2}
      propertyPath: keyName
      value: Door2
      objectReference: {fileID: 0}
    - target: {fileID: 135986234554889372, guid: f801dc92cd1403942b2c787cb458462e,
        type: 2}
      propertyPath: m_IsTrigger
      value: 1
      objectReference: {fileID: 0}
    m_RemovedComponents: []
  m_ParentPrefab: {fileID: 100100000, guid: f801dc92cd1403942b2c787cb458462e, type: 2}
  m_IsPrefabParent: 0
--- !u!1001 &1594336295
Prefab:
  m_ObjectHideFlags: 0
  serializedVersion: 2
  m_Modification:
    m_TransformParent: {fileID: 0}
    m_Modifications:
    - target: {fileID: 4754769154157084, guid: f801dc92cd1403942b2c787cb458462e, type: 2}
      propertyPath: m_LocalPosition.x
      value: -1.2161107
      objectReference: {fileID: 0}
    - target: {fileID: 4754769154157084, guid: f801dc92cd1403942b2c787cb458462e, type: 2}
      propertyPath: m_LocalPosition.y
      value: 9.195016
      objectReference: {fileID: 0}
    - target: {fileID: 4754769154157084, guid: f801dc92cd1403942b2c787cb458462e, type: 2}
      propertyPath: m_LocalPosition.z
      value: 0
      objectReference: {fileID: 0}
    - target: {fileID: 4754769154157084, guid: f801dc92cd1403942b2c787cb458462e, type: 2}
      propertyPath: m_LocalRotation.x
      value: 0
      objectReference: {fileID: 0}
    - target: {fileID: 4754769154157084, guid: f801dc92cd1403942b2c787cb458462e, type: 2}
      propertyPath: m_LocalRotation.y
      value: 0
      objectReference: {fileID: 0}
    - target: {fileID: 4754769154157084, guid: f801dc92cd1403942b2c787cb458462e, type: 2}
      propertyPath: m_LocalRotation.z
      value: 0
      objectReference: {fileID: 0}
    - target: {fileID: 4754769154157084, guid: f801dc92cd1403942b2c787cb458462e, type: 2}
      propertyPath: m_LocalRotation.w
      value: 1
      objectReference: {fileID: 0}
    - target: {fileID: 4754769154157084, guid: f801dc92cd1403942b2c787cb458462e, type: 2}
      propertyPath: m_RootOrder
      value: 17
      objectReference: {fileID: 0}
    - target: {fileID: 1109234384710054, guid: f801dc92cd1403942b2c787cb458462e, type: 2}
      propertyPath: m_Name
      value: ScoreBooster (2)
      objectReference: {fileID: 0}
    - target: {fileID: 114574553676787360, guid: f801dc92cd1403942b2c787cb458462e,
        type: 2}
      propertyPath: keyName
      value: Door2
      objectReference: {fileID: 0}
    - target: {fileID: 135986234554889372, guid: f801dc92cd1403942b2c787cb458462e,
        type: 2}
      propertyPath: m_IsTrigger
      value: 1
      objectReference: {fileID: 0}
    m_RemovedComponents: []
  m_ParentPrefab: {fileID: 100100000, guid: f801dc92cd1403942b2c787cb458462e, type: 2}
  m_IsPrefabParent: 0
--- !u!1001 &1620991159
Prefab:
  m_ObjectHideFlags: 0
  serializedVersion: 2
  m_Modification:
    m_TransformParent: {fileID: 0}
    m_Modifications:
    - target: {fileID: 4946154624535298, guid: b65b0782fb36b64489643ea3f7c0a9cb, type: 2}
      propertyPath: m_LocalPosition.x
      value: -10.1
      objectReference: {fileID: 0}
    - target: {fileID: 4946154624535298, guid: b65b0782fb36b64489643ea3f7c0a9cb, type: 2}
      propertyPath: m_LocalPosition.y
      value: 25.2
      objectReference: {fileID: 0}
    - target: {fileID: 4946154624535298, guid: b65b0782fb36b64489643ea3f7c0a9cb, type: 2}
      propertyPath: m_LocalPosition.z
      value: 0
      objectReference: {fileID: 0}
    - target: {fileID: 4946154624535298, guid: b65b0782fb36b64489643ea3f7c0a9cb, type: 2}
      propertyPath: m_LocalRotation.x
      value: 0
      objectReference: {fileID: 0}
    - target: {fileID: 4946154624535298, guid: b65b0782fb36b64489643ea3f7c0a9cb, type: 2}
      propertyPath: m_LocalRotation.y
      value: 0
      objectReference: {fileID: 0}
    - target: {fileID: 4946154624535298, guid: b65b0782fb36b64489643ea3f7c0a9cb, type: 2}
      propertyPath: m_LocalRotation.z
      value: 0
      objectReference: {fileID: 0}
    - target: {fileID: 4946154624535298, guid: b65b0782fb36b64489643ea3f7c0a9cb, type: 2}
      propertyPath: m_LocalRotation.w
      value: 1
      objectReference: {fileID: 0}
    - target: {fileID: 4946154624535298, guid: b65b0782fb36b64489643ea3f7c0a9cb, type: 2}
      propertyPath: m_RootOrder
      value: 25
      objectReference: {fileID: 0}
    - target: {fileID: 1183592055299950, guid: b65b0782fb36b64489643ea3f7c0a9cb, type: 2}
      propertyPath: m_Name
      value: MovingObstacle
      objectReference: {fileID: 0}
    m_RemovedComponents: []
  m_ParentPrefab: {fileID: 100100000, guid: b65b0782fb36b64489643ea3f7c0a9cb, type: 2}
  m_IsPrefabParent: 0
--- !u!1001 &1769209471
Prefab:
  m_ObjectHideFlags: 0
  serializedVersion: 2
  m_Modification:
    m_TransformParent: {fileID: 0}
    m_Modifications:
    - target: {fileID: 4946154624535298, guid: b65b0782fb36b64489643ea3f7c0a9cb, type: 2}
      propertyPath: m_LocalPosition.x
      value: 18.1
      objectReference: {fileID: 0}
    - target: {fileID: 4946154624535298, guid: b65b0782fb36b64489643ea3f7c0a9cb, type: 2}
      propertyPath: m_LocalPosition.y
      value: 17
      objectReference: {fileID: 0}
    - target: {fileID: 4946154624535298, guid: b65b0782fb36b64489643ea3f7c0a9cb, type: 2}
      propertyPath: m_LocalPosition.z
      value: 0
      objectReference: {fileID: 0}
    - target: {fileID: 4946154624535298, guid: b65b0782fb36b64489643ea3f7c0a9cb, type: 2}
      propertyPath: m_LocalRotation.x
      value: 0
      objectReference: {fileID: 0}
    - target: {fileID: 4946154624535298, guid: b65b0782fb36b64489643ea3f7c0a9cb, type: 2}
      propertyPath: m_LocalRotation.y
      value: 0
      objectReference: {fileID: 0}
    - target: {fileID: 4946154624535298, guid: b65b0782fb36b64489643ea3f7c0a9cb, type: 2}
      propertyPath: m_LocalRotation.z
      value: 0.7071068
      objectReference: {fileID: 0}
    - target: {fileID: 4946154624535298, guid: b65b0782fb36b64489643ea3f7c0a9cb, type: 2}
      propertyPath: m_LocalRotation.w
      value: 0.7071068
      objectReference: {fileID: 0}
    - target: {fileID: 4946154624535298, guid: b65b0782fb36b64489643ea3f7c0a9cb, type: 2}
      propertyPath: m_RootOrder
      value: 23
      objectReference: {fileID: 0}
    - target: {fileID: 4946154624535298, guid: b65b0782fb36b64489643ea3f7c0a9cb, type: 2}
      propertyPath: m_LocalScale.y
      value: 17.095493
      objectReference: {fileID: 0}
    - target: {fileID: 1183592055299950, guid: b65b0782fb36b64489643ea3f7c0a9cb, type: 2}
      propertyPath: m_Name
      value: Obstacle (2)
      objectReference: {fileID: 0}
    - target: {fileID: 4946154624535298, guid: b65b0782fb36b64489643ea3f7c0a9cb, type: 2}
      propertyPath: m_LocalEulerAnglesHint.z
      value: 90
      objectReference: {fileID: 0}
    m_RemovedComponents: []
  m_ParentPrefab: {fileID: 100100000, guid: b65b0782fb36b64489643ea3f7c0a9cb, type: 2}
  m_IsPrefabParent: 0
--- !u!1 &1939122053 stripped
GameObject:
  m_PrefabParentObject: {fileID: 1109234384710054, guid: f801dc92cd1403942b2c787cb458462e,
    type: 2}
  m_PrefabInternal: {fileID: 1594336295}
--- !u!114 &1939122054
MonoBehaviour:
  m_ObjectHideFlags: 0
  m_PrefabParentObject: {fileID: 0}
  m_PrefabInternal: {fileID: 0}
  m_GameObject: {fileID: 1939122053}
  m_Enabled: 1
  m_EditorHideFlags: 0
  m_Script: {fileID: 11500000, guid: 6552153d3c5506445a0c1b05c4075d23, type: 3}
  m_Name: 
  m_EditorClassIdentifier: 
  keyName: Door2
  scoreModifier: 10
  clips: []
--- !u!1001 &2043589488
Prefab:
  m_ObjectHideFlags: 0
  serializedVersion: 2
  m_Modification:
    m_TransformParent: {fileID: 0}
    m_Modifications:
    - target: {fileID: 4770946752793886, guid: 3f1b3ceea05525f40b8c01251b44a044, type: 2}
      propertyPath: m_LocalPosition.x
      value: 36.6989
      objectReference: {fileID: 0}
    - target: {fileID: 4770946752793886, guid: 3f1b3ceea05525f40b8c01251b44a044, type: 2}
      propertyPath: m_LocalPosition.y
      value: 23.140034
      objectReference: {fileID: 0}
    - target: {fileID: 4770946752793886, guid: 3f1b3ceea05525f40b8c01251b44a044, type: 2}
      propertyPath: m_LocalPosition.z
      value: 0
      objectReference: {fileID: 0}
    - target: {fileID: 4770946752793886, guid: 3f1b3ceea05525f40b8c01251b44a044, type: 2}
      propertyPath: m_LocalRotation.x
      value: -0.7071068
      objectReference: {fileID: 0}
    - target: {fileID: 4770946752793886, guid: 3f1b3ceea05525f40b8c01251b44a044, type: 2}
      propertyPath: m_LocalRotation.y
      value: 0
      objectReference: {fileID: 0}
    - target: {fileID: 4770946752793886, guid: 3f1b3ceea05525f40b8c01251b44a044, type: 2}
      propertyPath: m_LocalRotation.z
      value: 0
      objectReference: {fileID: 0}
    - target: {fileID: 4770946752793886, guid: 3f1b3ceea05525f40b8c01251b44a044, type: 2}
      propertyPath: m_LocalRotation.w
      value: 0.7071068
      objectReference: {fileID: 0}
    - target: {fileID: 4770946752793886, guid: 3f1b3ceea05525f40b8c01251b44a044, type: 2}
      propertyPath: m_RootOrder
      value: 2
      objectReference: {fileID: 0}
    - target: {fileID: 1550607872710170, guid: 3f1b3ceea05525f40b8c01251b44a044, type: 2}
      propertyPath: m_Name
      value: PowerUpThrust (3)
      objectReference: {fileID: 0}
    m_RemovedComponents: []
  m_ParentPrefab: {fileID: 100100000, guid: 3f1b3ceea05525f40b8c01251b44a044, type: 2}
  m_IsPrefabParent: 0
--- !u!1001 &2058800501
Prefab:
  m_ObjectHideFlags: 0
  serializedVersion: 2
  m_Modification:
    m_TransformParent: {fileID: 0}
    m_Modifications:
    - target: {fileID: 4244436386890278, guid: 0b607272324f67649abc5323c9ce86ad, type: 2}
      propertyPath: m_LocalPosition.x
      value: -21.31196
      objectReference: {fileID: 0}
    - target: {fileID: 4244436386890278, guid: 0b607272324f67649abc5323c9ce86ad, type: 2}
      propertyPath: m_LocalPosition.y
      value: 21.372
      objectReference: {fileID: 0}
    - target: {fileID: 4244436386890278, guid: 0b607272324f67649abc5323c9ce86ad, type: 2}
      propertyPath: m_LocalPosition.z
      value: -0
      objectReference: {fileID: 0}
    - target: {fileID: 4244436386890278, guid: 0b607272324f67649abc5323c9ce86ad, type: 2}
      propertyPath: m_LocalRotation.x
      value: -0.7071068
      objectReference: {fileID: 0}
    - target: {fileID: 4244436386890278, guid: 0b607272324f67649abc5323c9ce86ad, type: 2}
      propertyPath: m_LocalRotation.y
      value: 0
      objectReference: {fileID: 0}
    - target: {fileID: 4244436386890278, guid: 0b607272324f67649abc5323c9ce86ad, type: 2}
      propertyPath: m_LocalRotation.z
      value: -0
      objectReference: {fileID: 0}
    - target: {fileID: 4244436386890278, guid: 0b607272324f67649abc5323c9ce86ad, type: 2}
      propertyPath: m_LocalRotation.w
      value: 0.7071067
      objectReference: {fileID: 0}
    - target: {fileID: 4244436386890278, guid: 0b607272324f67649abc5323c9ce86ad, type: 2}
      propertyPath: m_RootOrder
      value: 1
      objectReference: {fileID: 0}
    m_RemovedComponents: []
  m_ParentPrefab: {fileID: 100100000, guid: 0b607272324f67649abc5323c9ce86ad, type: 2}
  m_IsPrefabParent: 0
--- !u!1001 &2060658494
Prefab:
  m_ObjectHideFlags: 0
  serializedVersion: 2
  m_Modification:
    m_TransformParent: {fileID: 0}
    m_Modifications:
    - target: {fileID: 4754769154157084, guid: f801dc92cd1403942b2c787cb458462e, type: 2}
      propertyPath: m_LocalPosition.x
      value: -15.810139
      objectReference: {fileID: 0}
    - target: {fileID: 4754769154157084, guid: f801dc92cd1403942b2c787cb458462e, type: 2}
      propertyPath: m_LocalPosition.y
      value: 8.17676
      objectReference: {fileID: 0}
    - target: {fileID: 4754769154157084, guid: f801dc92cd1403942b2c787cb458462e, type: 2}
      propertyPath: m_LocalPosition.z
      value: 0
      objectReference: {fileID: 0}
    - target: {fileID: 4754769154157084, guid: f801dc92cd1403942b2c787cb458462e, type: 2}
      propertyPath: m_LocalRotation.x
      value: 0
      objectReference: {fileID: 0}
    - target: {fileID: 4754769154157084, guid: f801dc92cd1403942b2c787cb458462e, type: 2}
      propertyPath: m_LocalRotation.y
      value: 0
      objectReference: {fileID: 0}
    - target: {fileID: 4754769154157084, guid: f801dc92cd1403942b2c787cb458462e, type: 2}
      propertyPath: m_LocalRotation.z
      value: 0
      objectReference: {fileID: 0}
    - target: {fileID: 4754769154157084, guid: f801dc92cd1403942b2c787cb458462e, type: 2}
      propertyPath: m_LocalRotation.w
      value: 1
      objectReference: {fileID: 0}
    - target: {fileID: 4754769154157084, guid: f801dc92cd1403942b2c787cb458462e, type: 2}
      propertyPath: m_RootOrder
      value: 18
      objectReference: {fileID: 0}
    - target: {fileID: 1109234384710054, guid: f801dc92cd1403942b2c787cb458462e, type: 2}
      propertyPath: m_Name
      value: ScoreBooster (1)
      objectReference: {fileID: 0}
    - target: {fileID: 114574553676787360, guid: f801dc92cd1403942b2c787cb458462e,
        type: 2}
      propertyPath: keyName
      value: Door2
      objectReference: {fileID: 0}
    - target: {fileID: 135986234554889372, guid: f801dc92cd1403942b2c787cb458462e,
        type: 2}
      propertyPath: m_IsTrigger
      value: 1
      objectReference: {fileID: 0}
    m_RemovedComponents: []
  m_ParentPrefab: {fileID: 100100000, guid: f801dc92cd1403942b2c787cb458462e, type: 2}
  m_IsPrefabParent: 0
--- !u!1 &2117402977 stripped
GameObject:
  m_PrefabParentObject: {fileID: 1109234384710054, guid: f801dc92cd1403942b2c787cb458462e,
    type: 2}
  m_PrefabInternal: {fileID: 2060658494}
--- !u!114 &2117402978
MonoBehaviour:
  m_ObjectHideFlags: 0
  m_PrefabParentObject: {fileID: 0}
  m_PrefabInternal: {fileID: 0}
  m_GameObject: {fileID: 2117402977}
  m_Enabled: 1
  m_EditorHideFlags: 0
  m_Script: {fileID: 11500000, guid: 6552153d3c5506445a0c1b05c4075d23, type: 3}
  m_Name: 
  m_EditorClassIdentifier: 
  keyName: Door2
  scoreModifier: 10
  clips: []
